@article{Malek,
	author = {Malek, N.H.A. and Wan Yaacob, W.F. and Md Nasir, S.A. and Shaadan, N.},
	date-added = {2025-02-27 02:01:55 +0100},
	date-modified = {2025-02-27 02:08:24 +0100},
	journal = {Water},
	langid = {english},
	language = {english},
	month = {03},
	number = {7},
	pages = {1067},
	title = {Prediction of Water Quality Classification of the Kelantan River Basin, Malaysia, Using Machine Learning Techniques},
	volume = {14},
	year = {2022}}

@article{Wan,
	author = {Wan, H. and Xu, R. and Zhang, M. and Cai, Y. and Li, J. and Shen, X.},
	date-added = {2025-02-27 01:57:26 +0100},
	date-modified = {2025-02-27 02:09:11 +0100},
	journal = {Journal of Hydrology},
	langid = {english},
	language = {english},
	pages = {128081},
	title = {A novel model for water quality prediction caused by non-point sources pollution based on deep learning and feature extraction methods},
	volume = {612},
	year = {2022}}

@article{Nouraki,
	author = {Nouraki, A. and Alavi, M. and Golabi, M. and Albaji, M.},
	date-added = {2025-02-27 01:52:19 +0100},
	date-modified = {2025-02-27 02:08:13 +0100},
	journal = {Environmental Science and Pollution Research},
	langid = {english},
	language = {english},
	pages = {57060--57072},
	title = {Prediction of water quality parameters using machine learning models: a case study of the Karun River, Iran},
	volume = {28},
	year = {2021}}

@article{Khullar-Singh,
	author = {Khullar, S. and Singh, N.},
	date-added = {2025-02-27 01:49:28 +0100},
	date-modified = {2025-02-27 02:08:37 +0100},
	journal = {Water Supply},
	langid = {english},
	language = {english},
	month = {02},
	number = {1},
	pages = {1--13},
	title = {Machine learning techniques in river water quality modelling: a research travelogue},
	volume = {21},
	year = {2021}}

@article{Hatfield-Prueger,
	author = {Hatfield, J.L. and Prueger, J.H.},
	date-added = {2025-02-27 01:47:02 +0100},
	date-modified = {2025-02-27 02:08:46 +0100},
	journal = {Journal of Soil and Water Conservation},
	langid = {english},
	language = {english},
	number = {1},
	pages = {51-58},
	title = {Impacts of changing precipitation patterns on water quality},
	volume = {59},
	year = {2004}}

@article{Gao-Xu-Yuan,
	author = {Gao, Q. and Xu, H. and Yuan, B},
	date-added = {2025-02-27 01:41:39 +0100},
	date-modified = {2025-02-27 02:08:55 +0100},
	journal = {Environmental Science and Pollution Research},
	langid = {english},
	language = {english},
	month = {06},
	number = {43},
	pages = {60676--60691},
	title = {Environmental change and fishermen's income: is there a poverty trap: Evidence from China's coastal areas},
	volume = {28},
	year = {2021}}

@article{Burkart-Jha,
	author = {Burkart, C.S. and Jha, M.K.},
	date-added = {2025-02-27 01:36:35 +0100},
	date-modified = {2025-02-27 02:07:43 +0100},
	journal = {Journal of Agricultural and Resource Economics},
	langid = {english},
	language = {english},
	month = {02},
	number = {1},
	pages = {20--33},
	title = {Site-Specific Simulation of Nutrient Control Policies: Integrating Economic and Water Quality Effects},
	volume = {37},
	year = {2012}}

@article{Anderson,
	author = {Anderson, T.A and Salice, C.J. and Erickson, R.A. and McMurry, S.T. and Cox, S.B. and Smith, L.M.},
	date-added = {2025-02-27 01:31:28 +0100},
	date-modified = {2025-02-27 02:09:03 +0100},
	journal = {Chemosphere},
	langid = {english},
	language = {english},
	number = {1},
	pages = {84--90},
	title = {Effects of landuse and precipitation on pesticides and water quality in playa lakes of the southern high plains},
	volume = {92},
	year = {2013}}

@book{Zaychenko,
	address = {Київ},
	author = {Зайченко, Ю.П.},
	date-added = {2025-02-27 00:56:50 +0100},
	date-modified = {2025-02-27 02:07:58 +0100},
	edition = {4},
	langid = {ukrainian},
	language = {ukrainian},
	publisher = {ЗАТ «ВІПОЛ»},
	title = {Дослiдження операцiй},
	year = {2000}}

@inbook{Kondruk-Malyar,
	address = {Ужгород},
	author = {Кондрук, Н.Е. та Маляр, М.М.},
	chapter = {1},
	date-added = {2025-02-27 00:51:37 +0100},
	date-modified = {2025-02-27 02:07:50 +0100},
	langid = {ukrainian},
	language = {ukrainian},
	month = {04},
	pages = {5--~6},
	publisher = {РА «АУТДОР-ШАРК»},
	title = {Багатокритеріальна оптимізація лінійних систем},
	year = {2019}}
