%% This BibTeX bibliography file was created using BibDesk.
%% https://bibdesk.sourceforge.io/

%% Created for Vu Trieu Vy Trinh at 2025-04-03 22:20:18 +0200 


%% Saved with string encoding Unicode (UTF-8) 



@article{ksau,
	author = {Богадьорова, Л.М. та Федкевич, Є.А.},
	date-added = {2025-04-03 21:07:54 +0200},
	date-modified = {2025-04-03 21:11:04 +0200},
	journal = {Наукові читання імені В.М. Виноградова},
	langid = {ukrainian},
	language = {ukrainian},
	month = {05},
	pages = {8--10},
	title = {Історичні аспекти регіональних природничих досліджень},
	year = {2024}}

@article{Mudrak,
	author = {Мудрак, О.В.та Клочанюк, В.В.},
	date-added = {2025-04-03 14:43:06 +0200},
	date-modified = {2025-04-03 14:45:58 +0200},
	journal = {Екологічні науки},
	langid = {ukrainian},
	language = {ukrainian},
	month = {09},
	number = {54},
	pages = {64--69},
	title = {Екологічний стан басейну річки Згар в контексті стратегії сталого розвитку Подільського регіону},
	volume = {3},
	year = {2024}}

@article{Gryb,
	author = {Гриб, Й.В. and Ковальчук, С.В. and Калько, А.Д. and Михальчук, М.А.},
	date-added = {2025-04-03 14:34:07 +0200},
	date-modified = {2025-04-03 22:20:11 +0200},
	doi = {http://dx.doi.org/10.32782/2786-5681-2024-2.05},
	journal = {Науковий вісник Вінницької академії безперервної освіти. Серія «Екологія. Публічне управління та адміністрування»},
	langid = {ukrainian},
	language = {ukrainian},
	month = {9},
	number = {2},
	pages = {43--48},
	title = {Формування та еколого-токсикологічний стан річкової мережі України},
	year = {2024},
	bdsk-url-1 = {http://dx.doi.org/10.32782/2786-5681-2024-2.05}}
